@misc{Parberry2022SNS,
  author={Parberry, Ian},
  title = {Sorting Network Exhaustive Search},
  howpublished = {\url{https://github.com/Ian-Parberry/sorting-network-search}},
  year = {2022}
}

@article{parberry1991computer,
  title={A computer-assisted optimal depth lower bound for nine-input sorting networks},
  author={Parberry, Ian},
  journal={Mathematical systems theory},
  volume={24},
  number={1},
  pages={101--116},
  year={1991}
}

@article{parberry1992pairwise,
  title={The pairwise sorting network},
  author={Parberry, Ian},
  journal={Parallel Processing Letters},
  volume={2},
  number={2,3},
  pages={205--211},
  year={1992}
}

@article{parberry1990single,
  title={Single-exception sorting networks and the computational complexity of optimal sorting network verification},
  author={Parberry, Ian},
  journal={Mathematical systems theory},
  volume={23},
  number={1},
  pages={81--93},
  year={1990}
}

@inproceedings{parberry1991computational,
  title={On the computational complexity of optimal sorting network verification},
  author={Parberry, Ian},
  booktitle={Parle91 Parallel Architectures and Languages Europe},
  pages={252--269},
  year={1991},
  organization={Springer}
}

@book{knuth1997art,
  title={The Art of Computer Programming},
  author={Knuth, Donald Ervin},
  volume={3},
  year={1997},
  publisher={Pearson Education}
}